<record><leader>00000cas a22000007a 4500</leader><controlfield tag="001">13348107</controlfield><controlfield tag="008">860326d18791930paudn ne      0    0eng d</controlfield><datafield ind1=" " ind2=" " tag="010"><subfield code="a">sn 86081226 </subfield></datafield><datafield ind1=" " ind2=" " tag="040"><subfield code="a">NPH</subfield><subfield code="b">eng</subfield><subfield code="c">NPH</subfield><subfield code="d">OCLCQ</subfield></datafield><datafield ind1=" " ind2=" " tag="042"><subfield code="a">msc</subfield></datafield><datafield ind1="0" ind2="4" tag="245"><subfield code="a">The Mt. Carmel news.</subfield></datafield><datafield ind1="3" ind2="0" tag="246"><subfield code="a">Mount Carmel news</subfield></datafield><datafield ind1=" " ind2=" " tag="260"><subfield code="a">Mt. Carmel, Pa. :</subfield><subfield code="b">Robert J. Wilson</subfield></datafield><datafield ind1=" " ind2=" " tag="300"><subfield code="a">v. ;</subfield><subfield code="c">54 cm.</subfield></datafield><datafield ind1=" " ind2=" " tag="310"><subfield code="a">Daily (except Sunday)</subfield></datafield><datafield ind1=" " ind2=" " tag="321"><subfield code="a">Weekly,</subfield><subfield code="b">1879-1899</subfield></datafield><datafield ind1=" " ind2=" " tag="321"><subfield code="a">Semiweekly,</subfield><subfield code="b">&lt;1899-&gt;</subfield></datafield><datafield ind1="1" ind2=" " tag="362"><subfield code="a">Began in 1879.</subfield><subfield code="z">Cf. Bell, H. History of Northumberland Co., Pa.</subfield></datafield><datafield ind1="1" ind2=" " tag="362"><subfield code="a">Ceased in 1930.</subfield><subfield code="z">Cf. Rossell, G. Pa. newspapers.</subfield></datafield><datafield ind1=" " ind2=" " tag="588"><subfield code="a">Description based on: Vol. 13, no. 18 (Sept. 26, 1891).</subfield></datafield><datafield ind1=" " ind2=" " tag="752"><subfield code="a">United States</subfield><subfield code="b">Pennsylvania</subfield><subfield code="c">Northumberland</subfield><subfield code="d">Mount Carmel.</subfield></datafield></record>